
@article{FORCE,
  title={Generating coherent patterns of activity from chaotic neural networks},
  author={Sussillo, David and Abbott, Larry F},
  journal={Neuron},
  volume={63},
  number={4},
  pages={544--557},
  year={2009},
  publisher={Elsevier}
}



@article{RM,
  title={Emergence of complex computational structures from chaotic neural networks through reward-modulated Hebbian learning},
  author={Hoerzer, Gregor M and Legenstein, Robert and Maass, Wolfgang},
  journal={Cerebral Cortex},
  volume={24},
  number={3},
  pages={677--690},
  year={2014},
  publisher={Oxford Univ Press}
}
